|j|☆Dimitris442
|j|☆magialice
|t:|1711375815
|gametype|singles
|player|p1|Dimitris442|1|1339
|player|p2|magialice|miku-flying|1509
|teamsize|p1|6
|teamsize|p2|6
|gen|5
|tier|[Gen 5] OU
|rated|
|rule|Species Clause: Limit one of each Pokémon
|rule|OHKO Clause: OHKO moves are banned
|rule|Moody Clause: Moody is banned
|rule|Evasion Items Clause: Evasion items are banned
|rule|Evasion Moves Clause: Evasion moves are banned
|rule|Endless Battle Clause: Forcing endless battles is banned
|rule|HP Percentage Mod: HP is shown in percentages
|rule|Evasion Abilities Clause: Evasion abilities are banned
|rule|Sleep Moves Clause: Sleep-inducing moves are banned
|rule|Swagger Clause: Swagger is banned
|rule|Baton Pass Stat Clause: No Baton Passer may have a way to boost its stats
|clearpoke
|poke|p1|Riolu, F|item
|poke|p1|Forretress, M|item
|poke|p1|Espeon, F|item
|poke|p1|Starmie|item
|poke|p1|Chansey, F|item
|poke|p1|Shedinja|item
|poke|p2|Abomasnow, F|item
|poke|p2|Mandibuzz, F|item
|poke|p2|Rotom-Wash|item
|poke|p2|Mamoswine, M|item
|poke|p2|Jirachi|item
|poke|p2|Starmie|item
|teampreview
|inactive|Battle timer is ON: inactive players will automatically lose when time's up. (requested by magialice)
|inactive|Dimitris442 also wants the timer to be on.
|
|t:|1711375831
|start
|switch|p1a: Forretress|Forretress, M|100/100
|switch|p2a: Starmie|Starmie|100/100
|-item|p2a: Starmie|Air Balloon
|turn|1
|
|t:|1711375839
|switch|p1a: Chansey|Chansey, F|100/100
|move|p2a: Starmie|Hidden Power|p1a: Chansey
|-damage|p1a: Chansey|94/100
|
|upkeep
|turn|2
|
|t:|1711375850
|switch|p2a: Jirachi|Jirachi|100/100
|move|p1a: Chansey|Toxic|p2a: Jirachi|[miss]
|-miss|p1a: Chansey|p2a: Jirachi
|
|upkeep
|turn|3
|j| ReallyFunTeams
|
|t:|1711375858
|switch|p1a: Shedinja|Shedinja|100/100
|move|p2a: Jirachi|Stealth Rock|p1a: Shedinja
|-sidestart|p1: Dimitris442|move: Stealth Rock
|
|upkeep
|turn|4
|
|t:|1711375867
|switch|p2a: Abomasnow|Abomasnow, F|100/100
|-weather|Hail|[from] ability: Snow Warning|[of] p2a: Abomasnow
|move|p1a: Shedinja|Agility|p1a: Shedinja
|-boost|p1a: Shedinja|spe|2
|
|-weather|Hail|[upkeep]
|-damage|p1a: Shedinja|0 fnt|[from] Hail
|faint|p1a: Shedinja
|upkeep
|-message|Dimitris442 forfeited.
|
|win|magialice
|raw|Dimitris442's rating: 1339 &rarr; <strong>1328</strong><br />(-11 for losing)
|raw|magialice's rating: 1509 &rarr; <strong>1520</strong><br />(+11 for winning)
|l|☆Dimitris442
|player|p1|
