|j|☆Invisible Paradigm
|j|☆OUR BOI GIBBY
|player|p1|Invisible Paradigm|acetrainer-gen2|1573
|player|p2|OUR BOI GIBBY|144|1393
|teamsize|p1|6
|teamsize|p2|6
|gametype|singles
|gen|5
|tier|[Gen 5] OU
|rated|
|rule|Sleep Clause Mod: Limit one foe put to sleep
|rule|Species Clause: Limit one of each Pokémon
|rule|OHKO Clause: OHKO moves are banned
|rule|Moody Clause: Moody is banned
|rule|Evasion Moves Clause: Evasion moves are banned
|rule|Endless Battle Clause: Forcing endless battles is banned
|rule|HP Percentage Mod: HP is shown in percentages
|rule|Evasion Abilities Clause: Evasion abilities are banned
|rule|Baton Pass Clause: Limit one Baton Passer, can't pass Spe and other stats simultaneously
|rule|Swagger Clause: Swagger is banned
|clearpoke
|poke|p1|Landorus-Therian, M|item
|poke|p1|Tyranitar, M|item
|poke|p1|Terrakion|item
|poke|p1|Latios, M|item
|poke|p1|Ferrothorn, M|item
|poke|p1|Alakazam, M|item
|poke|p2|Tyranitar, M|item
|poke|p2|Rotom-Wash|item
|poke|p2|Heatran, M|item
|poke|p2|Garchomp, M|item
|poke|p2|Amoonguss, M|item
|poke|p2|Landorus-Therian, M|item
|teampreview
|
|start
|switch|p1a: Ferrothorn|Ferrothorn, M|100/100
|switch|p2a: Heatran|Heatran, M|100/100
|turn|1
|
|switch|p1a: Tyranitar|Tyranitar, M|100/100
|-weather|Sandstorm|[from] ability: Sand Stream|[of] p1a: Tyranitar
|move|p2a: Heatran|Magma Storm|p1a: Tyranitar
|-resisted|p1a: Tyranitar
|-damage|p1a: Tyranitar|79/100
|-activate|p1a: Tyranitar|move: Magma Storm|[of] p2a: Heatran
|
|-weather|Sandstorm|[upkeep]
|-damage|p1a: Tyranitar|72/100|[from] move: Magma Storm|[partiallytrapped]
|upkeep
|turn|2
|
|switch|p2a: Landorus|Landorus-Therian, M|100/100
|-ability|p2a: Landorus|Intimidate|boost
|-unboost|p1a: Tyranitar|atk|1
|move|p1a: Tyranitar|Ice Beam|p2a: Landorus
|-supereffective|p2a: Landorus
|-damage|p2a: Landorus|0 fnt
|faint|p2a: Landorus
|
|-weather|Sandstorm|[upkeep]
|upkeep
|
|switch|p2a: Garchomp|Garchomp, M|100/100
|turn|3
|
|move|p2a: Garchomp|Draco Meteor|p1a: Tyranitar
|-damage|p1a: Tyranitar|25/100
|-unboost|p2a: Garchomp|spa|2
|-damage|p2a: Garchomp|91/100|[from] item: Life Orb
|move|p1a: Tyranitar|Ice Beam|p2a: Garchomp
|-supereffective|p2a: Garchomp
|-damage|p2a: Garchomp|0 fnt
|faint|p2a: Garchomp
|
|-weather|Sandstorm|[upkeep]
|upkeep
|-message|OUR BOI GIBBY forfeited.
|
|win|Invisible Paradigm
|l|☆OUR BOI GIBBY
|raw|Invisible Paradigm's rating: 1573 &rarr; <strong>1583</strong><br />(+10 for winning)
|raw|OUR BOI GIBBY's rating: 1393 &rarr; <strong>1383</strong><br />(-10 for losing)
|c|☆Invisible Paradigm|yum
