|j|☆Crimsonbacon38
|j|☆The Alchemist 67
|t:|1726418273
|gametype|singles
|player|p1|Crimsonbacon38|barry|1310
|player|p2|The Alchemist 67|ghetsis|1422
|teamsize|p1|6
|teamsize|p2|6
|gen|5
|tier|[Gen 5] OU
|rated|
|rule|Species Clause: Limit one of each Pokémon
|rule|OHKO Clause: OHKO moves are banned
|rule|Moody Clause: Moody is banned
|rule|Evasion Items Clause: Evasion items are banned
|rule|Evasion Moves Clause: Evasion moves are banned
|rule|Endless Battle Clause: Forcing endless battles is banned
|rule|HP Percentage Mod: HP is shown in percentages
|rule|Evasion Abilities Clause: Evasion abilities are banned
|rule|Sleep Moves Clause: Sleep-inducing moves are banned
|rule|Swagger Clause: Swagger is banned
|rule|Baton Pass Stat Clause: No Baton Passer may have a way to boost its stats
|clearpoke
|poke|p1|Tyranitar, F|item
|poke|p1|Excadrill, F|item
|poke|p1|Keldeo|item
|poke|p1|Garchomp, F|item
|poke|p1|Scizor, M|item
|poke|p1|Latios, M|item
|poke|p2|Politoed, F|item
|poke|p2|Latios, M|item
|poke|p2|Garchomp, F|item
|poke|p2|Haxorus, F|item
|poke|p2|Mamoswine, M|item
|poke|p2|Magnezone|item
|teampreview
|c|☆Crimsonbacon38|Glhf
|
|t:|1726418299
|start
|switch|p1a: Tyranitar|Tyranitar, F|100/100
|switch|p2a: Politoed|Politoed, F|100/100
|-weather|RainDance|[from] ability: Drizzle|[of] p2a: Politoed
|-weather|Sandstorm|[from] ability: Sand Stream|[of] p1a: Tyranitar
|turn|1
|inactive|Battle timer is ON: inactive players will automatically lose when time's up. (requested by The Alchemist 67)
|c|☆The Alchemist 67|u2
|
|t:|1726418314
|switch|p1a: Scizor|Scizor, M|100/100
|move|p2a: Politoed|Hydro Pump|p1a: Scizor|[miss]
|-miss|p2a: Politoed|p1a: Scizor
|
|-weather|Sandstorm|[upkeep]
|-damage|p2a: Politoed|94/100|[from] Sandstorm
|upkeep
|turn|2
|
|t:|1726418322
|move|p2a: Politoed|Hydro Pump|p1a: Scizor|[miss]
|-miss|p2a: Politoed|p1a: Scizor
|move|p1a: Scizor|U-turn|p2a: Politoed
|-damage|p2a: Politoed|21/100
|
|t:|1726418327
|switch|p1a: Tyranitar|Tyranitar, F|100/100|[from] U-turn
|
|-weather|Sandstorm|[upkeep]
|-damage|p2a: Politoed|15/100|[from] Sandstorm
|upkeep
|turn|3
|c|☆The Alchemist 67|dead scizor lol
|
|t:|1726418337
|move|p2a: Politoed|Hydro Pump|p1a: Tyranitar|[miss]
|-miss|p2a: Politoed|p1a: Tyranitar
|move|p1a: Tyranitar|Pursuit|p2a: Politoed
|-damage|p2a: Politoed|0 fnt
|faint|p2a: Politoed
|
|-weather|Sandstorm|[upkeep]
|upkeep
|
|t:|1726418341
|switch|p2a: Haxorus|Haxorus, F|100/100
|-ability|p2a: Haxorus|Mold Breaker
|turn|4
|
|t:|1726418345
|switch|p1a: Scizor|Scizor, M|100/100
|move|p2a: Haxorus|Earthquake|p1a: Scizor
|-damage|p1a: Scizor|21/100
|
|-weather|Sandstorm|[upkeep]
|-damage|p2a: Haxorus|94/100|[from] Sandstorm
|upkeep
|turn|5
|
|t:|1726418351
|move|p1a: Scizor|Bullet Punch|p2a: Haxorus
|-crit|p2a: Haxorus
|-damage|p2a: Haxorus|0 fnt
|faint|p2a: Haxorus
|
|-weather|Sandstorm|[upkeep]
|upkeep
|-message|The Alchemist 67 forfeited.
|
|win|Crimsonbacon38
|raw|Crimsonbacon38's rating: 1310 &rarr; <strong>1336</strong><br />(+26 for winning)
|raw|The Alchemist 67's rating: 1422 &rarr; <strong>1396</strong><br />(-26 for losing)
|l|☆The Alchemist 67
|player|p2|
