|j|☆htjyrkutlio
|j|☆lijkjlkjlkjlkjlk
|t:|1725054928
|gametype|singles
|player|p1|htjyrkutlio|alder|1308
|player|p2|lijkjlkjlkjlkjlk|bugcatcher-gen4dp|1439
|teamsize|p1|6
|teamsize|p2|6
|gen|5
|tier|[Gen 5] OU
|rated|
|rule|Species Clause: Limit one of each Pokémon
|rule|OHKO Clause: OHKO moves are banned
|rule|Moody Clause: Moody is banned
|rule|Evasion Items Clause: Evasion items are banned
|rule|Evasion Moves Clause: Evasion moves are banned
|rule|Endless Battle Clause: Forcing endless battles is banned
|rule|HP Percentage Mod: HP is shown in percentages
|rule|Evasion Abilities Clause: Evasion abilities are banned
|rule|Sleep Moves Clause: Sleep-inducing moves are banned
|rule|Swagger Clause: Swagger is banned
|rule|Baton Pass Stat Clause: No Baton Passer may have a way to boost its stats
|clearpoke
|poke|p1|Starmie|item
|poke|p1|Tyranitar, M|item
|poke|p1|Breloom, F|item
|poke|p1|Garchomp, M|item
|poke|p1|Excadrill, F|item
|poke|p1|Volcarona, F|item
|poke|p2|Bronzong|item
|poke|p2|Porygon2|item
|poke|p2|Reuniclus, M|item
|poke|p2|Chandelure, F|item
|poke|p2|Crawdaunt, M|item
|poke|p2|Terrakion|item
|teampreview
|inactive|Battle timer is ON: inactive players will automatically lose when time's up. (requested by htjyrkutlio)
|
|t:|1725054940
|start
|switch|p1a: Starmie|Starmie, shiny|100/100
|switch|p2a: Chandelure|Chandelure, F|100/100
|-item|p2a: Chandelure|Air Balloon
|turn|1
|
|t:|1725054946
|switch|p1a: Volcarona|Volcarona, F, shiny|100/100
|switch|p2a: Porygon2|Porygon2|100/100
|-ability|p2a: Porygon2|Download|boost
|-boost|p2a: Porygon2|atk|1
|
|upkeep
|turn|2
|
|t:|1725054952
|switch|p2a: Terrakion|Terrakion|100/100
|move|p1a: Volcarona|Quiver Dance|p1a: Volcarona
|-boost|p1a: Volcarona|spa|1
|-boost|p1a: Volcarona|spd|1
|-boost|p1a: Volcarona|spe|1
|
|upkeep
|turn|3
|
|t:|1725054956
|move|p2a: Terrakion|Stone Edge|p1a: Volcarona
|-supereffective|p1a: Volcarona
|-damage|p1a: Volcarona|0 fnt
|faint|p1a: Volcarona
|
|upkeep
|-message|htjyrkutlio forfeited.
|
|win|lijkjlkjlkjlkjlk
|raw|htjyrkutlio's rating: 1308 &rarr; <strong>1295</strong><br />(-13 for losing)
|raw|lijkjlkjlkjlkjlk's rating: 1439 &rarr; <strong>1452</strong><br />(+13 for winning)
|l|☆htjyrkutlio
|player|p1|
