|j|☆ghosted by brizz
|j|☆StrictSceptile1
|t:|1709118545
|gametype|singles
|player|p1|ghosted by brizz|mina-lgpe|1406
|player|p2|StrictSceptile1|unknown|1312
|teamsize|p1|6
|teamsize|p2|6
|gen|5
|tier|[Gen 5] OU
|rated|
|rule|Species Clause: Limit one of each Pokémon
|rule|OHKO Clause: OHKO moves are banned
|rule|Moody Clause: Moody is banned
|rule|Evasion Items Clause: Evasion items are banned
|rule|Evasion Moves Clause: Evasion moves are banned
|rule|Endless Battle Clause: Forcing endless battles is banned
|rule|HP Percentage Mod: HP is shown in percentages
|rule|Evasion Abilities Clause: Evasion abilities are banned
|rule|Sleep Moves Clause: Sleep-inducing moves are banned
|rule|Swagger Clause: Swagger is banned
|rule|Baton Pass Stat Clause: No Baton Passer may have a way to boost its stats
|clearpoke
|poke|p1|Kyurem-Black|item
|poke|p1|Haxorus, M|item
|poke|p1|Dragonite, M|item
|poke|p1|Garchomp, M|item
|poke|p1|Salamence, F|item
|poke|p1|Druddigon, F|item
|poke|p2|Latios, M|item
|poke|p2|Garchomp, M|item
|poke|p2|Jellicent, F|item
|poke|p2|Skarmory, F|item
|poke|p2|Scizor, F|item
|poke|p2|Jirachi|item
|teampreview
|inactive|Battle timer is ON: inactive players will automatically lose when time's up. (requested by StrictSceptile1)
|
|t:|1709118555
|start
|switch|p1a: Kyurem|Kyurem-Black|100/100
|switch|p2a: Skarmory|Skarmory, F|100/100
|-ability|p1a: Kyurem|Teravolt
|turn|1
|c|☆StrictSceptile1|Nah I'd Dragon
|
|t:|1709118579
|move|p1a: Kyurem|Outrage|p2a: Skarmory
|-resisted|p2a: Skarmory
|-damage|p2a: Skarmory|44/100
|move|p2a: Skarmory|Stealth Rock|p1a: Kyurem
|-sidestart|p1: ghosted by brizz|move: Stealth Rock
|
|upkeep
|turn|2
|
|t:|1709118587
|move|p1a: Kyurem|Outrage|p2a: Skarmory|[from]lockedmove
|-resisted|p2a: Skarmory
|-damage|p2a: Skarmory|0 fnt
|faint|p2a: Skarmory
|-start|p1a: Kyurem|confusion|[fatigue]
|
|upkeep
|
|t:|1709118590
|switch|p2a: Scizor|Scizor, F|100/100
|turn|3
|
|t:|1709118593
|-activate|p1a: Kyurem|confusion
|-damage|p1a: Kyurem|85/100|[from] confusion
|move|p2a: Scizor|Swords Dance|p2a: Scizor
|-boost|p2a: Scizor|atk|2
|
|upkeep
|turn|4
|
|t:|1709118597
|move|p2a: Scizor|Bullet Punch|p1a: Kyurem
|-supereffective|p1a: Kyurem
|-damage|p1a: Kyurem|0 fnt
|faint|p1a: Kyurem
|-damage|p2a: Scizor|91/100|[from] item: Life Orb
|
|upkeep
|inactive|ghosted by brizz has 120 seconds left.
|
|t:|1709118649
|switch|p1a: Garchomp|Garchomp, M|100/100
|-damage|p1a: Garchomp|94/100|[from] Stealth Rock
|turn|5
|
|t:|1709118668
|move|p2a: Scizor|Bullet Punch|p1a: Garchomp
|-damage|p1a: Garchomp|6/100
|-damage|p2a: Scizor|78/100|[from] ability: Rough Skin|[of] p1a: Garchomp
|-damage|p2a: Scizor|69/100|[from] item: Life Orb
|move|p1a: Garchomp|Outrage|p2a: Scizor
|-resisted|p2a: Scizor
|-damage|p2a: Scizor|9/100
|
|upkeep
|turn|6
|
|t:|1709118680
|move|p2a: Scizor|Bullet Punch|p1a: Garchomp
|-damage|p1a: Garchomp|0 fnt
|-damage|p2a: Scizor|0 fnt|[from] ability: Rough Skin|[of] p1a: Garchomp
|faint|p2a: Scizor
|faint|p1a: Garchomp
|
|upkeep
|inactive|ghosted by brizz has 120 seconds left.
|-message|ghosted by brizz forfeited.
|
|win|StrictSceptile1
|raw|ghosted by brizz's rating: 1406 &rarr; <strong>1381</strong><br />(-25 for losing)
|raw|StrictSceptile1's rating: 1312 &rarr; <strong>1337</strong><br />(+25 for winning)
|l|☆ghosted by brizz
|player|p1|
