|j|☆ddtdh
|j|☆baixiaohen
|t:|1744980262
|gametype|singles
|player|p1|ddtdh|lucas|1425
|player|p2|baixiaohen|n|1425
|teamsize|p1|6
|teamsize|p2|6
|gen|5
|tier|[Gen 5] OU
|rated|
|rule|Species Clause: Limit one of each Pokémon
|rule|OHKO Clause: OHKO moves are banned
|rule|Moody Clause: Moody is banned
|rule|Evasion Items Clause: Evasion items are banned
|rule|Evasion Moves Clause: Evasion moves are banned
|rule|Endless Battle Clause: Forcing endless battles is banned
|rule|HP Percentage Mod: HP is shown in percentages
|rule|Evasion Abilities Clause: Evasion abilities are banned
|rule|Sleep Moves Clause: Sleep-inducing moves are banned
|rule|Swagger Clause: Swagger is banned
|rule|Baton Pass Stat Clause: No Baton Passer may have a way to boost its stats
|clearpoke
|poke|p1|Tyranitar, F|item
|poke|p1|Garchomp, M|item
|poke|p1|Rotom-Wash|item
|poke|p1|Landorus-Therian, M|item
|poke|p1|Jirachi|item
|poke|p1|Latios, M|item
|poke|p2|Jirachi|item
|poke|p2|Scizor, F|item
|poke|p2|Celebi|item
|poke|p2|Gyarados, M|item
|poke|p2|Heatran, F|item
|poke|p2|Starmie|item
|teampreview
|inactive|Battle timer is ON: inactive players will automatically lose when time's up. (requested by ddtdh)
|inactive|baixiaohen also wants the timer to be on.
|
|t:|1744980279
|start
|switch|p1a: Garchomp|Garchomp, M|100/100
|switch|p2a: Heatran|Heatran, F, shiny|100/100
|turn|1
|
|t:|1744980290
|switch|p2a: Gyarados|Gyarados, M, shiny|100/100
|-ability|p2a: Gyarados|Intimidate|boost
|-unboost|p1a: Garchomp|atk|1
|move|p1a: Garchomp|Stealth Rock|p2a: Gyarados
|-sidestart|p2: baixiaohen|move: Stealth Rock
|
|upkeep
|turn|2
|
|t:|1744980297
|move|p1a: Garchomp|Draco Meteor|p2a: Gyarados
|-damage|p2a: Gyarados|24/100
|-unboost|p1a: Garchomp|spa|2
|-damage|p1a: Garchomp|91/100|[from] item: Life Orb
|move|p2a: Gyarados|Waterfall|p1a: Garchomp
|-damage|p1a: Garchomp|41/100
|-damage|p2a: Gyarados|11/100|[from] ability: Rough Skin|[of] p1a: Garchomp
|
|-heal|p2a: Gyarados|17/100|[from] item: Leftovers
|upkeep
|turn|3
|
|t:|1744980316
|switch|p2a: Celebi|Celebi|100/100
|-damage|p2a: Celebi|88/100|[from] Stealth Rock
|move|p1a: Garchomp|Draco Meteor|p2a: Celebi
|-damage|p2a: Celebi|69/100
|-unboost|p1a: Garchomp|spa|2
|-damage|p1a: Garchomp|31/100|[from] item: Life Orb
|
|-heal|p2a: Celebi|75/100|[from] item: Leftovers
|upkeep
|turn|4
|
|t:|1744980323
|switch|p1a: Landorus|Landorus-Therian, M|100/100
|-ability|p1a: Landorus|Intimidate|boost
|-unboost|p2a: Celebi|atk|1
|move|p2a: Celebi|Giga Drain|p1a: Landorus
|-damage|p1a: Landorus|68/100
|-heal|p2a: Celebi|89/100|[from] drain|[of] p1a: Landorus
|
|-heal|p2a: Celebi|95/100|[from] item: Leftovers
|upkeep
|turn|5
|-message|baixiaohen forfeited.
|
|win|ddtdh
|raw|ddtdh's rating: 1425 &rarr; <strong>1445</strong><br />(+20 for winning)
|raw|baixiaohen's rating: 1425 &rarr; <strong>1405</strong><br />(-20 for losing)
|l|☆baixiaohen
|player|p2|
