|j|☆Torkonpeter
|j|☆TommyZWT
|t:|1702296447
|gametype|singles
|player|p1|Torkonpeter|1|1490
|player|p2|TommyZWT|2|1418
|teamsize|p1|6
|teamsize|p2|6
|gen|5
|tier|[Gen 5] OU
|rated|
|rule|Species Clause: Limit one of each Pokémon
|rule|OHKO Clause: OHKO moves are banned
|rule|Moody Clause: Moody is banned
|rule|Evasion Items Clause: Evasion items are banned
|rule|Evasion Moves Clause: Evasion moves are banned
|rule|Endless Battle Clause: Forcing endless battles is banned
|rule|HP Percentage Mod: HP is shown in percentages
|rule|Evasion Abilities Clause: Evasion abilities are banned
|rule|Sleep Moves Clause: Sleep-inducing moves are banned
|rule|Swagger Clause: Swagger is banned
|rule|Baton Pass Stat Clause: No Baton Passer may have a way to boost its stats
|clearpoke
|poke|p1|Tyranitar, F|item
|poke|p1|Alakazam, M|item
|poke|p1|Latios, M|item
|poke|p1|Ferrothorn, F|item
|poke|p1|Keldeo|item
|poke|p1|Landorus-Therian, M|item
|poke|p2|Jirachi|item
|poke|p2|Tentacruel, M|item
|poke|p2|Chansey, F|item
|poke|p2|Sableye, F|item
|poke|p2|Xatu, M|item
|poke|p2|Quagsire, F|item
|teampreview
|
|t:|1702296462
|start
|switch|p1a: Tyranitar|Tyranitar, F|100/100
|switch|p2a: Quagsire|Quagsire, F|100/100
|-weather|Sandstorm|[from] ability: Sand Stream|[of] p1a: Tyranitar
|turn|1
|
|t:|1702296472
|switch|p1a: Ferrothorn|Ferrothorn, F|100/100
|move|p2a: Quagsire|Scald|p1a: Ferrothorn
|-resisted|p1a: Ferrothorn
|-damage|p1a: Ferrothorn|94/100
|-status|p1a: Ferrothorn|brn
|-enditem|p1a: Ferrothorn|Rawst Berry|[eat]
|-curestatus|p1a: Ferrothorn|brn|[msg]
|
|-weather|Sandstorm|[upkeep]
|upkeep
|turn|2
|
|t:|1702296477
|switch|p2a: Xatu|Xatu, M|100/100
|move|p1a: Ferrothorn|Knock Off|p2a: Xatu
|-supereffective|p2a: Xatu
|-damage|p2a: Xatu|92/100
|-damage|p1a: Ferrothorn|77/100|[from] item: Rocky Helmet|[of] p2a: Xatu
|-enditem|p2a: Xatu|Rocky Helmet|[from] move: Knock Off|[of] p1a: Ferrothorn
|
|-weather|Sandstorm|[upkeep]
|-damage|p2a: Xatu|86/100|[from] Sandstorm
|upkeep
|turn|3
|
|t:|1702296491
|switch|p1a: Alakazam|Alakazam, M|100/100
|move|p2a: Xatu|Reflect|p2a: Xatu
|-sidestart|p2: TommyZWT|Reflect
|
|-weather|Sandstorm|[upkeep]
|-damage|p2a: Xatu|80/100|[from] Sandstorm
|upkeep
|turn|4
|
|t:|1702296495
|move|p1a: Alakazam|Shadow Ball|p2a: Xatu
|-supereffective|p2a: Xatu
|-damage|p2a: Xatu|0 fnt
|faint|p2a: Xatu
|
|-weather|Sandstorm|[upkeep]
|upkeep
|-message|TommyZWT forfeited.
|
|win|Torkonpeter
|raw|Torkonpeter's rating: 1490 &rarr; <strong>1506</strong><br />(+16 for winning)
|raw|TommyZWT's rating: 1418 &rarr; <strong>1402</strong><br />(-16 for losing)
|l|☆TommyZWT
|l|☆Torkonpeter
|j|☆Torkonpeter
|player|p1|Torkonpeter|1
