|j|☆69kilchpdlx6
|j|☆top cat
|player|p1|69kilchpdlx6|yellow|1453
|player|p2|top cat|265|1374
|teamsize|p1|6
|teamsize|p2|6
|gametype|singles
|gen|5
|tier|[Gen 5] OU
|rated|
|clearpoke
|poke|p1|Tyranitar, F|item
|poke|p1|Kyurem-Black|item
|poke|p1|Starmie|item
|poke|p1|Amoonguss, M|item
|poke|p1|Magnezone|item
|poke|p1|Gliscor, M|item
|poke|p2|Tyranitar, M|item
|poke|p2|Keldeo|item
|poke|p2|Latios, M|item
|poke|p2|Ferrothorn, M|item
|poke|p2|Gliscor, M|item
|poke|p2|Alakazam, F|item
|rule|Species Clause: Limit one of each Pokémon
|rule|OHKO Clause: OHKO moves are banned
|rule|Moody Clause: Moody is banned
|rule|Evasion Moves Clause: Evasion moves are banned
|rule|Endless Battle Clause: Forcing endless battles is banned
|rule|HP Percentage Mod: HP is shown in percentages
|rule|Evasion Abilities Clause: Evasion abilities are banned
|rule|Baton Pass Clause: Limit one Baton Passer, can't pass Spe and other stats simultaneously
|rule|Sleep Clause: Sleep-inducing moves are banned
|rule|Swagger Clause: Swagger is banned
|teampreview
|inactive|Battle timer is ON: inactive players will automatically lose when time's up. (requested by top cat)
|
|start
|switch|p1a: Amoonguss|Amoonguss, M|100/100
|switch|p2a: Keldeo|Keldeo|100/100
|turn|1
|
|switch|p2a: Ferrothorn|Ferrothorn, M|100/100
|switch|p1a: Magnezone|Magnezone|100/100
|
|upkeep
|turn|2
|
|move|p1a: Magnezone|Hidden Power|p2a: Ferrothorn
|-supereffective|p2a: Ferrothorn
|-damage|p2a: Ferrothorn|0 fnt
|faint|p2a: Ferrothorn
|
|upkeep
|
|switch|p2a: Gliscor|Gliscor, M|100/100
|turn|3
|
|switch|p2a: Alakazam|Alakazam, F, shiny|100/100
|switch|p1a: Amoonguss|Amoonguss, M|100/100
|
|upkeep
|turn|4
|
|switch|p1a: Gliscor|Gliscor, M|100/100
|move|p2a: Alakazam|Focus Blast|p1a: Gliscor
|-resisted|p1a: Gliscor
|-damage|p1a: Gliscor|76/100
|
|-status|p1a: Gliscor|tox|[from] item: Toxic Orb
|upkeep
|turn|5
|
|switch|p2a: Keldeo|Keldeo|100/100
|switch|p1a: Starmie|Starmie|100/100
|
|upkeep
|turn|6
|-message|top cat forfeited.
|
|win|69kilchpdlx6
|l|☆top cat
|raw|69kilchpdlx6's rating: 1453 &rarr; <strong>1469</strong><br />(+16 for winning)
|raw|top cat's rating: 1374 &rarr; <strong>1358</strong><br />(-16 for losing)
