|j|☆Bratt Pid
|j|☆destino errante
|player|p1|Bratt Pid|171
|teamsize|p1|6
|player|p2|destino errante|225
|teamsize|p2|6
|gametype|singles
|gen|5
|tier|[Gen 5] OU
|rated||rule|Sleep Clause Mod: Limit one foe put to sleep
|rule|Species Clause: Limit one of each Pokémon
|rule|OHKO Clause: OHKO moves are banned
|rule|Moody Clause: Moody is banned
|rule|Evasion Moves Clause: Evasion moves are banned
|rule|Endless Battle Clause: Forcing endless battles is banned
|rule|HP Percentage Mod: HP is shown in percentages
|rule|Evasion Abilities Clause: Evasion abilities are banned
|rule|Baton Pass Clause: Limit one Baton Passer, can't pass Spe and other stats simultaneously
|rule|Swagger Clause: Swagger is banned
|clearpoke
|poke|p1|Politoed, M|item
|poke|p1|Tentacruel, F|item
|poke|p1|Tornadus, M|item
|poke|p1|Ferrothorn, M|item
|poke|p1|Landorus-Therian, M|item
|poke|p1|Jirachi|item
|poke|p2|Alakazam, F|item
|poke|p2|Excadrill, M|item
|poke|p2|Tyranitar, M|item
|poke|p2|Skarmory, F|item
|poke|p2|Amoonguss, M|item
|poke|p2|Keldeo|item
|teampreview
|inactive|Battle timer is ON: inactive players will automatically lose when time's up. (requested by Bratt Pid)|
|start
|switch|p1a: Politoed|Politoed, M|100/100
|switch|p2a: Amoonguss|Amoonguss, M|100/100
|-weather|RainDance|[from] ability: Drizzle|[of] p1a: Politoed
|turn|1|
|move|p1a: Politoed|Ice Beam|p2a: Amoonguss
|-supereffective|p2a: Amoonguss
|-damage|p2a: Amoonguss|61/100
|move|p2a: Amoonguss|Spore|p1a: Politoed
|-status|p1a: Politoed|slp
|
|-weather|RainDance|[upkeep]
|-heal|p2a: Amoonguss|67/100|[from] item: Black Sludge
|upkeep
|turn|2|
|switch|p1a: Jirachi|Jirachi|100/100
|switch|p2a: Tyranitar|Tyranitar, M|100/100
|-weather|Sandstorm|[from] ability: Sand Stream|[of] p2a: Tyranitar
|
|-weather|Sandstorm|[upkeep]
|upkeep
|turn|3|
|move|p1a: Jirachi|Flash Cannon|p2a: Tyranitar
|-supereffective|p2a: Tyranitar
|-damage|p2a: Tyranitar|64/100
|move|p2a: Tyranitar|Stealth Rock|p1a: Jirachi
|-sidestart|p1: Bratt Pid|move: Stealth Rock
|
|-weather|Sandstorm|[upkeep]
|upkeep
|turn|4|
|switch|p2a: Excadrill|Excadrill, M|100/100
|-ability|p2a: Excadrill|Mold Breaker
|move|p1a: Jirachi|Flash Cannon|p2a: Excadrill
|-resisted|p2a: Excadrill
|-damage|p2a: Excadrill|80/100
|-unboost|p2a: Excadrill|spd|1
|
|-weather|Sandstorm|[upkeep]
|-heal|p2a: Excadrill|86/100|[from] item: Leftovers
|upkeep
|turn|5|
|switch|p1a: Landorus|Landorus-Therian, M|100/100
|-damage|p1a: Landorus|88/100|[from] Stealth Rock
|-ability|p1a: Landorus|Intimidate|boost
|-unboost|p2a: Excadrill|atk|1
|move|p2a: Excadrill|Toxic|p1a: Landorus|[miss]
|-miss|p2a: Excadrill|p1a: Landorus
|
|-weather|Sandstorm|[upkeep]
|-heal|p1a: Landorus|94/100|[from] item: Leftovers
|-heal|p2a: Excadrill|92/100|[from] item: Leftovers
|upkeep
|turn|6|
|move|p1a: Landorus|Stealth Rock|p2a: Excadrill
|-sidestart|p2: destino errante|move: Stealth Rock
|move|p2a: Excadrill|Toxic|p1a: Landorus
|-status|p1a: Landorus|tox
|
|-weather|Sandstorm|[upkeep]
|-heal|p1a: Landorus|99/100 tox|[from] item: Leftovers
|-heal|p2a: Excadrill|98/100|[from] item: Leftovers
|-damage|p1a: Landorus|94/100 tox|[from] psn
|upkeep
|turn|7|
|move|p2a: Excadrill|Protect|p2a: Excadrill
|-singleturn|p2a: Excadrill|Protect
|move|p1a: Landorus|U-turn|p2a: Excadrill
|-activate|p2a: Excadrill|move: Protect
|
|-weather|Sandstorm|[upkeep]
|-heal|p1a: Landorus|99/100 tox|[from] item: Leftovers
|-heal|p2a: Excadrill|100/100|[from] item: Leftovers
|-damage|p1a: Landorus|88/100 tox|[from] psn
|upkeep
|turn|8|
|switch|p2a: Amoonguss|Amoonguss, M|99/100
|-damage|p2a: Amoonguss|88/100|[from] Stealth Rock
|move|p1a: Landorus|Earthquake|p2a: Amoonguss
|-damage|p2a: Amoonguss|46/100
|
|-weather|Sandstorm|[upkeep]
|-damage|p2a: Amoonguss|40/100|[from] sandstorm
|-heal|p1a: Landorus|94/100 tox|[from] item: Leftovers
|-heal|p2a: Amoonguss|46/100|[from] item: Black Sludge
|-damage|p1a: Landorus|76/100 tox|[from] psn
|upkeep
|turn|9|
|switch|p2a: Skarmory|Skarmory, F|100/100
|-damage|p2a: Skarmory|88/100|[from] Stealth Rock
|move|p1a: Landorus|U-turn|p2a: Skarmory
|-resisted|p2a: Skarmory
|-crit|p2a: Skarmory
|-damage|p2a: Skarmory|81/100|
|switch|p1a: Politoed|Politoed, M|100/100 slp
|-damage|p1a: Politoed|88/100 slp|[from] Stealth Rock
|-weather|RainDance|[from] ability: Drizzle|[of] p1a: Politoed
|
|-weather|RainDance|[upkeep]
|-heal|p2a: Skarmory|87/100|[from] item: Leftovers
|upkeep
|turn|10|
|switch|p1a: Tentacruel|Tentacruel, F|100/100
|-damage|p1a: Tentacruel|88/100|[from] Stealth Rock
|switch|p2a: Tyranitar|Tyranitar, M|64/100
|-damage|p2a: Tyranitar|52/100|[from] Stealth Rock
|-weather|Sandstorm|[from] ability: Sand Stream|[of] p2a: Tyranitar
|
|-weather|Sandstorm|[upkeep]
|-damage|p1a: Tentacruel|82/100|[from] sandstorm
|-heal|p1a: Tentacruel|88/100|[from] item: Black Sludge
|upkeep
|turn|11|
|move|p1a: Tentacruel|Scald|p2a: Tyranitar
|-supereffective|p2a: Tyranitar
|-damage|p2a: Tyranitar|30/100
|move|p2a: Tyranitar|Crunch|p1a: Tentacruel
|-damage|p1a: Tentacruel|51/100
|-unboost|p1a: Tentacruel|def|1
|
|-weather|Sandstorm|[upkeep]
|-damage|p1a: Tentacruel|45/100|[from] sandstorm
|-heal|p1a: Tentacruel|51/100|[from] item: Black Sludge
|upkeep
|turn|12|
|switch|p1a: Politoed|Politoed, M|88/100 slp
|-damage|p1a: Politoed|76/100 slp|[from] Stealth Rock
|-weather|RainDance|[from] ability: Drizzle|[of] p1a: Politoed
|move|p2a: Tyranitar|Crunch|p1a: Politoed
|-damage|p1a: Politoed|18/100 slp
|
|-weather|RainDance|[upkeep]
|upkeep
|turn|13|
|switch|p1a: Landorus|Landorus-Therian, M|76/100 tox
|-damage|p1a: Landorus|64/100 tox|[from] Stealth Rock
|-ability|p1a: Landorus|Intimidate|boost
|-unboost|p2a: Tyranitar|atk|1
|switch|p2a: Alakazam|Alakazam, F|100/100
|
|-weather|RainDance|[upkeep]
|-heal|p1a: Landorus|70/100 tox|[from] item: Leftovers
|-damage|p1a: Landorus|64/100 tox|[from] psn
|upkeep
|turn|14|
|move|p2a: Alakazam|Psychic|p1a: Landorus
|-damage|p1a: Landorus|0 fnt
|faint|p1a: Landorus
|
|-weather|RainDance|[upkeep]
|upkeep|
|switch|p1a: Ferrothorn|Ferrothorn, M|100/100
|-damage|p1a: Ferrothorn|94/100|[from] Stealth Rock
|turn|15|
|move|p2a: Alakazam|Substitute|p2a: Alakazam
|-start|p2a: Alakazam|Substitute
|-damage|p2a: Alakazam|76/100
|move|p1a: Ferrothorn|Spikes|p2a: Alakazam
|-sidestart|p2: destino errante|Spikes
|
|-weather|RainDance|[upkeep]
|-heal|p1a: Ferrothorn|100/100|[from] item: Leftovers
|upkeep
|turn|16|
|move|p2a: Alakazam|Focus Blast|p1a: Ferrothorn
|-supereffective|p1a: Ferrothorn
|-damage|p1a: Ferrothorn|11/100
|move|p1a: Ferrothorn|Power Whip|p2a: Alakazam
|-end|p2a: Alakazam|Substitute
|
|-weather|RainDance|[upkeep]
|-heal|p1a: Ferrothorn|17/100|[from] item: Leftovers
|upkeep
|turn|17|
|move|p2a: Alakazam|Psychic|p1a: Ferrothorn
|-resisted|p1a: Ferrothorn
|-damage|p1a: Ferrothorn|0 fnt
|faint|p1a: Ferrothorn
|
|-weather|RainDance|[upkeep]
|upkeep|
|switch|p1a: Jirachi|Jirachi|100/100
|-damage|p1a: Jirachi|94/100|[from] Stealth Rock
|turn|18|
|switch|p2a: Excadrill|Excadrill, M|100/100
|-damage|p2a: Excadrill|97/100|[from] Stealth Rock
|-damage|p2a: Excadrill|85/100|[from] Spikes
|-ability|p2a: Excadrill|Mold Breaker
|switch|p1a: Tentacruel|Tentacruel, F|51/100
|-damage|p1a: Tentacruel|38/100|[from] Stealth Rock
|
|-weather|RainDance|[upkeep]
|-heal|p1a: Tentacruel|44/100|[from] ability: Rain Dish
|-heal|p1a: Tentacruel|50/100|[from] item: Black Sludge
|-heal|p2a: Excadrill|91/100|[from] item: Leftovers
|upkeep
|turn|19|
|move|p1a: Tentacruel|Scald|p2a: Excadrill
|-supereffective|p2a: Excadrill
|-damage|p2a: Excadrill|2/100
|move|p2a: Excadrill|Earthquake|p1a: Tentacruel
|-supereffective|p1a: Tentacruel
|-damage|p1a: Tentacruel|0 fnt
|faint|p1a: Tentacruel
|
|-weather|RainDance|[upkeep]
|-heal|p2a: Excadrill|8/100|[from] item: Leftovers
|upkeep|
|switch|p1a: Jirachi|Jirachi|94/100
|-damage|p1a: Jirachi|88/100|[from] Stealth Rock
|turn|20|
|move|p1a: Jirachi|Flash Cannon|p2a: Excadrill
|-resisted|p2a: Excadrill
|-damage|p2a: Excadrill|0 fnt
|faint|p2a: Excadrill
|
|-weather|RainDance|[upkeep]
|-heal|p1a: Jirachi|94/100|[from] item: Leftovers
|upkeep|
|switch|p2a: Keldeo|Keldeo|100/100
|-damage|p2a: Keldeo|94/100|[from] Stealth Rock
|-damage|p2a: Keldeo|82/100|[from] Spikes
|turn|21|
|move|p2a: Keldeo|Hydro Pump|p1a: Jirachi
|-damage|p1a: Jirachi|0 fnt
|faint|p1a: Jirachi
|
|-weather|RainDance|[upkeep]
|upkeep
|-message|Bratt Pid forfeited.
|
|win|destino errante
|l|☆Bratt Pid
|raw|Bratt Pid's rating: 1434 &rarr; <strong>1417</strong><br />(-17 for losing)
|raw|destino errante's rating: 1483 &rarr; <strong>1500</strong><br />(+17 for winning)
