|j|☆LadderGod1
|j|☆scanners
|t:|1726498620
|gametype|singles
|player|p1|LadderGod1|169|1348
|player|p2|scanners|169|1465
|teamsize|p1|6
|teamsize|p2|6
|gen|5
|tier|[Gen 5] OU
|rated|
|rule|Species Clause: Limit one of each Pokémon
|rule|OHKO Clause: OHKO moves are banned
|rule|Moody Clause: Moody is banned
|rule|Evasion Items Clause: Evasion items are banned
|rule|Evasion Moves Clause: Evasion moves are banned
|rule|Endless Battle Clause: Forcing endless battles is banned
|rule|HP Percentage Mod: HP is shown in percentages
|rule|Evasion Abilities Clause: Evasion abilities are banned
|rule|Sleep Moves Clause: Sleep-inducing moves are banned
|rule|Swagger Clause: Swagger is banned
|rule|Baton Pass Stat Clause: No Baton Passer may have a way to boost its stats
|clearpoke
|poke|p1|Ferrothorn, M|item
|poke|p1|Politoed, M|item
|poke|p1|Heatran, M|item
|poke|p1|Salamence, F|item
|poke|p1|Gliscor, F|item
|poke|p1|Hydreigon, F|item
|poke|p2|Garchomp, M|item
|poke|p2|Jirachi|item
|poke|p2|Excadrill, M|item
|poke|p2|Tyranitar, M|item
|poke|p2|Skarmory, M|item
|poke|p2|Jellicent, M|item
|teampreview
|inactive|Battle timer is ON: inactive players will automatically lose when time's up. (requested by scanners)
|
|t:|1726498637
|start
|switch|p1a: Hydreigon|Hydreigon, F|100/100
|switch|p2a: Garchomp|Garchomp, M|100/100
|turn|1
|
|t:|1726498660
|switch|p2a: Excadrill|Excadrill, M|100/100
|-ability|p2a: Excadrill|Mold Breaker
|move|p1a: Hydreigon|Draco Meteor|p2a: Excadrill
|-resisted|p2a: Excadrill
|-damage|p2a: Excadrill|60/100
|-unboost|p1a: Hydreigon|spa|2
|
|-heal|p2a: Excadrill|67/100|[from] item: Leftovers
|upkeep
|turn|2
|
|t:|1726498668
|switch|p1a: Ferrothorn|Ferrothorn, M|100/100
|switch|p2a: Garchomp|Garchomp, M|100/100
|
|upkeep
|turn|3
|
|t:|1726498674
|move|p2a: Garchomp|Fire Blast|p1a: Ferrothorn
|-supereffective|p1a: Ferrothorn
|-crit|p1a: Ferrothorn
|-damage|p1a: Ferrothorn|0 fnt
|faint|p1a: Ferrothorn
|
|upkeep
|
|t:|1726498677
|switch|p1a: Hydreigon|Hydreigon, F|100/100
|turn|4
|
|t:|1726498683
|switch|p2a: Tyranitar|Tyranitar, M|100/100
|-weather|Sandstorm|[from] ability: Sand Stream|[of] p2a: Tyranitar
|move|p1a: Hydreigon|Fire Blast|p2a: Tyranitar
|-resisted|p2a: Tyranitar
|-damage|p2a: Tyranitar|89/100
|
|-weather|Sandstorm|[upkeep]
|-damage|p1a: Hydreigon|94/100|[from] Sandstorm
|upkeep
|turn|5
|
|t:|1726498692
|switch|p1a: Gliscor|Gliscor, F|100/100
|move|p2a: Tyranitar|Ice Punch|p1a: Gliscor
|-supereffective|p1a: Gliscor
|-crit|p1a: Gliscor
|-damage|p1a: Gliscor|0 fnt
|faint|p1a: Gliscor
|
|-weather|Sandstorm|[upkeep]
|upkeep
|-message|LadderGod1 forfeited.
|
|win|scanners
|raw|LadderGod1's rating: 1348 &rarr; <strong>1334</strong><br />(-14 for losing)
|raw|scanners's rating: 1465 &rarr; <strong>1479</strong><br />(+14 for winning)
